% === ARTICLE ===================================
@article{kennedy1926woman,
  title={When woman is boss: an interview with Nikola Tesla},
  author={Kennedy, John B},
  journal={Colliers, Seattle},
  year={1926}
}

@article{callaway2002home,
  title={Home networking with IEEE 802.15. 4: a developing standard for low-rate wireless personal area networks},
  author={Callaway, Ed and Gorday, Paul and Hester, Lance and Gutierrez, Jose A and Naeve, Marco and Heile, Bob and Bahl, Venkat},
  journal={IEEE Communications magazine},
  volume={40},
  number={8},
  pages={70--77},
  year={2002},
  publisher={IEEE}
}

@article{yi2010developing,
  title={Developing ZigBee deployment guideline under WiFi interference for smart grid applications},
  author={Yi, Peizhong and Iwayemi, Abiodun and Zhou, Chi},
  journal={IEEE transactions on smart grid},
  volume={2},
  number={1},
  pages={110--120},
  year={2010},
  publisher={IEEE}
}

@article{atzori2010internet,
  title={The internet of things: A survey},
  author={Atzori, Luigi and Iera, Antonio and Morabito, Giacomo},
  journal={Computer networks},
  volume={54},
  number={15},
  pages={2787--2805},
  year={2010},
  publisher={Elsevier}
}

@article{olsson20146lowpan,
  title={6LoWPAN demystified},
  author={Olsson, Jonas},
  journal={Texas Instruments},
  volume={13},
  year={2014}
}

@article{li2015internet,
  title={The internet of things: a survey},
  author={Li, Shancang and Da Xu, Li and Zhao, Shanshan},
  journal={Information Systems Frontiers},
  volume={17},
  number={2},
  pages={243--259},
  year={2015},
  publisher={Springer}
}

@article{rose2015internet,
  title={The internet of things: An overview},
  author={Rose, Karen and Eldridge, Scott and Chapin, Lyman},
  journal={The Internet Society (ISOC)},
  volume={80},
  year={2015}
}

@article{bluetooth2016specification,
  title={Specification of the Bluetooth System: Master Table of Contents \& Compliance Requirements},
  author={{Bluetooth SIG}},
  journal={Version 5.0},
  year={2016}
}

@article{darroudi2017bluetooth,
  title={Bluetooth low energy mesh networks: A survey},
  author={Darroudi, Seyed Mahdi and Gomez, Carles},
  journal={Sensors},
  volume={17},
  number={7},
  pages={1467},
  year={2017},
  publisher={Multidisciplinary Digital Publishing Institute}
}

@article{marjani2017big,
  title={Big IoT data analytics: architecture, opportunities, and open research challenges},
  author={Marjani, Mohsen and Nasaruddin, Fariza and Gani, Abdullah and Karim, Ahmad and Hashem, Ibrahim Abaker Targio and Siddiqa, Aisha and Yaqoob, Ibrar},
  journal={IEEE Access},
  volume={5},
  pages={5247--5261},
  year={2017},
  publisher={IEEE}
}

@article{baert2018bluetooth,
  title={The Bluetooth mesh standard: An overview and experimental evaluation},
  author={Baert, Mathias and Rossey, Jen and Shahid, Adnan and Hoebeke, Jeroen},
  journal={Sensors},
  volume={18},
  number={8},
  pages={2409},
  year={2018},
  publisher={Multidisciplinary Digital Publishing Institute}
}

% === BOOK ===================================
@book{shelby20116lowpan,
  title={6LoWPAN: The wireless embedded Internet},
  author={Shelby, Zach and Bormann, Carsten},
  volume={43},
  year={2011},
  publisher={John Wiley \& Sons},
  keywords = {book}
}

@book{farahani2011zigbee,
  title={ZigBee wireless networks and transceivers},
  author={Farahani, Shahin},
  year={2011},
  publisher={Newnes},
  keywords = {book}
}

@book{kurose2013reti,
  title={Reti di calcolatori e internet. Un approccio top-down},
  author={Kurose, James F and Ross, Keith W},
  year={2013},
  publisher={Pearson},
  keywords = {book}
}

@book{townsend2014getting,
  title={Getting Started with Bluetooth Low Energy: Tools and Techniques for Low-Power Networking},
  author={Townsend, K. and Cufì, C. and Davidson, R.},
  series={EBSCOhost ebooks online},
  year={2014},
  publisher={O'Reilly Media},
  keywords = {book}
}

@book{minteer2017analytics,
  title={Analytics for the Internet of Things},
  author={Minteer, Andrew},
  year={2017},
  publisher={Packt Publishing Ltd},
  keywords = {book}
}

@book{afaneh2018intro,
  title={Intro to Bluetooth Low Energy: The Easiest Way to Learn Ble},
  author={Afaneh, Mohammad},
  year={2018},
  publisher={Amazon Digital Services LLC - KDP Print US},
  keywords = {book}
}

@book{bluetooth2019b,
  title={Bluetooth Mesh Profile Specification},
  edition={1.0.1},
  author={{Bluetooth SIG}},
  year={2019},
  keywords = {book}
}

@book{barry2016mastering,
  title={Mastering the FreeRTOS real time kernel},
  author={Barry, Richard},
  journal={Real Time Engineers Ltd},
  year={2016},
  %url={https://www.freertos.org/wp-content/uploads/2018/07/161204_Mastering_the_FreeRTOS_Real_Time_Kernel-A_Hands-On_Tutorial_Guide.pdf},
  keywords = {book}
}

@manual{blemesh2017,
  title={Bluetooth Mesh Networking},
  author={{Bluetooth SIG}},
  year={2017},
  keywords = {book}
}

@manual{esp322019,
  title={ESP32 Technical Reference Manual 4.1},
  author={{Espressif Systems}},
  year={2019},
  keywords = {book}
}

% === ONLINE ===================================
@online{FreeRTOS_site,
    title     = {{FreeRTOS} Real-time operating system for microcontrollers},
    author    = {{Real Time Engineers Ltd}},
    url       = {https://www.freertos.org/index.html},
    year={2016},
    keywords = {online}
}

@online{statista2016iot,
    title={Internet of Things - number of connected devices worldwide 2015-2025},
    author={{Statista Research Department}},
    url={https://www.statista.com/statistics/471264/iot-number-of-connected-devices-worldwide/},
    year={2016},
    keywords = {online}
}

@online{m2m,
    title={Machine to machine (M2M): cos'è, come funziona e a cosa serve},
    author={Eugenio Tommasi},
    year={2018},
    url={https://www.internet4things.it/m2m/machine-to-machine-m2m-cose-come-funziona-e-a-cosa-serve/},
    keywords = {online}
}

@online{arduino18,
    title={The Arduino Playground},
    author={Arduino},
    year={2018},
    url={https://playground.arduino.cc/},
    keywords = {online}
}

@online{esp32doc,
    title={Template Documentation ESP32},
    author={{Espressif Systems}},
    year={2019},
    url={https://docs.espressif.com/_/downloads/esp-idf/en/v4.0-beta2/pdf/},
    keywords = {online}
}

@online{datasheet2019line,
  title={ESP32 Series Datasheet},
  author={{Espressif Inc.}},
  journal={Espressif Systems Datasheet},
  url ={https://www.espressif.com/sites/default/files/documentation/esp32_datasheet_en.pdf},
  edition={3.3},
  year={2020},
  keywords = {online}
}

@online{statista2020iot,
    title={Global IoT end-user spending worldwide 2017-2025},
    author={{Statista Research Department}},
    url={https://www.statista.com/statistics/976313/global-iot-market-size/},
    year={2020},
    keywords = {online}
}

@online{nRFMesh,
    title={nRF Mesh},
    author={{Nordic Semiconductor}},
    url={https://www.nordicsemi.com/Software-and-tools/Development-Tools/nRF-Mesh},
    year={2019},
    keywords = {online}
}